@InProceedings{strowes:2011:reallycool,
        BookTitle = {The 14th International Jolly to Hawaii},
        Month = {April},
        author = {Strowes, Stephen D.},
        title = {{YANSEYSUI: Yet Another Network Simulation Environment You Should Use Immediately}},
        year = {2011},
}



@article{DBLP:journals/tnsm/SimpsonRP20,
  author    = {Kyle A. Simpson and
               Simon Rogers and
               Dimitrios P. Pezaros},
  title     = {Per-Host DDoS Mitigation by Direct-Control Reinforcement Learning},
  journal   = {{IEEE} Trans. Network and Service Management},
  volume    = {17},
  number    = {1},
  pages     = {103--117},
  year      = {2020},
  url       = {https://doi.org/10.1109/TNSM.2019.2960202},
  doi       = {10.1109/TNSM.2019.2960202},
  timestamp = {Thu, 09 Apr 2020 21:56:10 +0200},
  biburl    = {https://dblp.org/rec/journals/tnsm/SimpsonRP20.bib},
  bibsource = {dblp computer science bibliography, https://dblp.org}
}

@INPROCEEDINGS{Simp2012:Seidr,
AUTHOR="Kyle A Simpson and Richard Cziva and Dimitrios P Pezaros",
TITLE="Sei{\dh}r: Dataplane Assisted Flow Classification Using {ML}",
BOOKTITLE="2020 IEEE Global Communications Conference: Next-Generation Networking and
Internet (Globecom2020 NGNI)",
ADDRESS="Taipei, Taiwan",
DAYS=6,
MONTH=dec,
YEAR=2020,
KEYWORDS="Flow Classification; Congestion Control; Dataplane Programming; Machine
Learning; P4; CNN",
}