@phdthesis{DBLP:phd/ethos/Cziva18,
	author    = {Richard Cziva},
	title     = {Towards lightweight, low-latency network function virtualisation at
	the network edge},
	school    = {University of Glasgow, {UK}},
	year      = {2018},
	url       = {http://ethos.bl.uk/OrderDetails.do?uin=uk.bl.ethos.754384},
	timestamp = {Thu, 08 Nov 2018 11:44:14 +0100},
	biburl    = {https://dblp.org/rec/phd/ethos/Cziva18.bib},
	bibsource = {dblp computer science bibliography, https://dblp.org}
}

@book{hamming-art-of-scieng,
	author = {Hamming, Richard W.},
	title = {The Art of Doing Science and Engineering},
	subtitle = {Learning to Learn},
	year = {1997},
	edition = {4},
	isbn = {978-1-7322651-7-2},
	publisher = {Stripe Press},
	location = {San Francisco, California},
}
