@proceedings{DBLP:conf/hotnets/2017,
	editor    = {Sujata Banerjee and
	Brad Karp and
	Michael Walfish},
	title     = {Proceedings of the 16th {ACM} Workshop on Hot Topics in Networks,
	Palo Alto, CA, USA, HotNets 2017, November 30 - December 01, 2017},
	publisher = {{ACM}},
	year      = {2017},
	url       = {http://doi.acm.org/10.1145/3152434},
	doi       = {10.1145/3152434},
	isbn      = {978-1-4503-5569-8},
	timestamp = {Thu, 30 Nov 2017 14:40:44 +0100},
	biburl    = {https://dblp.org/rec/bib/conf/hotnets/2017},
	bibsource = {dblp computer science bibliography, https://dblp.org}
}

@proceedings{DBLP:conf/comsnets/2017rs,
  editor    = {Nishanth R. Sastry and
               Sandip Chakraborty},
  title     = {Communication Systems and Networks - 9th International Conference,
               {COMSNETS} 2017, Bengaluru, India, January 4-8, 2017, Revised Selected
               Papers and Invited Papers},
  series    = {Lecture Notes in Computer Science},
  volume    = {10340},
  publisher = {Springer},
  year      = {2017},
  url       = {https://doi.org/10.1007/978-3-319-67235-9},
  doi       = {10.1007/978-3-319-67235-9},
  isbn      = {978-3-319-67234-2},
  timestamp = {Tue, 14 May 2019 10:00:49 +0200},
  biburl    = {https://dblp.org/rec/conf/comsnets/2017rs.bib},
  bibsource = {dblp computer science bibliography, https://dblp.org}
}

@proceedings{DBLP:conf/sigcomm/2003,
  editor    = {Anja Feldmann and
               Martina Zitterbart and
               Jon Crowcroft and
               David Wetherall},
  title     = {Proceedings of the {ACM} {SIGCOMM} 2003 Conference on Applications,
               Technologies, Architectures, and Protocols for Computer Communication,
               August 25-29, 2003, Karlsruhe, Germany},
  publisher = {{ACM}},
  year      = {2003},
  url       = {https://doi.org/10.1145/863955},
  doi       = {10.1145/863955},
  isbn      = {1-58113-735-4},
  timestamp = {Tue, 06 Nov 2018 11:07:11 +0100},
  biburl    = {https://dblp.org/rec/conf/sigcomm/2003.bib},
  bibsource = {dblp computer science bibliography, https://dblp.org}
}

@proceedings{DBLP:conf/sigcomm/2013,
	editor    = {Dah Ming Chiu and
	Jia Wang and
	Paul Barford and
	Srinivasan Seshan},
	title     = {{ACM} {SIGCOMM} 2013 Conference, SIGCOMM'13, Hong Kong, China, August
	12-16, 2013},
	publisher = {{ACM}},
	year      = {2013},
	url       = {http://dl.acm.org/citation.cfm?id=2486001},
	isbn      = {978-1-4503-2056-6},
	timestamp = {Wed, 20 Jun 2018 15:57:49 +0200},
	biburl    = {https://dblp.org/rec/conf/sigcomm/2013.bib},
	bibsource = {dblp computer science bibliography, https://dblp.org}
}

@proceedings{DBLP:conf/nsdi/2020,
  editor    = {Ranjita Bhagwan and
               George Porter},
  title     = {17th {USENIX} Symposium on Networked Systems Design and Implementation,
               {NSDI} 2020, Santa Clara, CA, USA, February 25-27, 2020},
  publisher = {{USENIX} Association},
  year      = {2020},
  url       = {https://www.usenix.org/conference/nsdi20},
  timestamp = {Wed, 22 Apr 2020 15:52:32 +0200},
  biburl    = {https://dblp.org/rec/conf/nsdi/2020.bib},
  bibsource = {dblp computer science bibliography, https://dblp.org}
}

@proceedings{DBLP:conf/sigcomm/2017,
  title     = {Proceedings of the Conference of the {ACM} Special Interest Group
  on Data Communication, {SIGCOMM} 2017, Los Angeles, CA, USA, August
  21-25, 2017},
  publisher = {{ACM}},
  year      = {2017},
  url       = {http://doi.acm.org/10.1145/3098822},
  doi       = {10.1145/3098822},
  isbn      = {978-1-4503-4653-5},
  timestamp = {Tue, 15 Aug 2017 20:11:52 +0200},
  biburl    = {https://dblp.org/rec/bib/conf/sigcomm/2017},
  bibsource = {dblp computer science bibliography, https://dblp.org}
}

@proceedings{DBLP:conf/sigcomm/2018,
  editor    = {Sergey Gorinsky and
  J{\'{a}}nos Tapolcai},
  title     = {Proceedings of the 2018 Conference of the {ACM} Special Interest Group
  on Data Communication, {SIGCOMM} 2018, Budapest, Hungary, August 20-25,
  2018},
  publisher = {{ACM}},
  year      = {2018},
  url       = {http://dl.acm.org/citation.cfm?id=3230543},
  timestamp = {Thu, 09 Aug 2018 08:12:36 +0200},
  biburl    = {https://dblp.org/rec/bib/conf/sigcomm/2018},
  bibsource = {dblp computer science bibliography, https://dblp.org}
}

@proceedings{DBLP:conf/sigcomm/2018netcompute,
  editor    = {Xin Jin and
  Changhoon Kim},
  title     = {Proceedings of the 2018 Morning Workshop on In-Network Computing,
  NetCompute@SIGCOMM 2018, Budapest, Hungary, August 20, 2018},
  publisher = {{ACM}},
  year      = {2018},
  url       = {https://doi.org/10.1145/3229591},
  doi       = {10.1145/3229591},
  timestamp = {Wed, 21 Nov 2018 12:44:03 +0100},
  biburl    = {https://dblp.org/rec/bib/conf/sigcomm/2018netcompute},
  bibsource = {dblp computer science bibliography, https://dblp.org}
}

@proceedings{DBLP:conf/sigcomm/2019,
  editor    = {Jianping Wu and
  Wendy Hall},
  title     = {Proceedings of the {ACM} Special Interest Group on Data Communication,
  {SIGCOMM} 2019, Beijing, China, August 19-23, 2019},
  publisher = {{ACM}},
  year      = {2019},
  url       = {https://doi.org/10.1145/3341302},
  doi       = {10.1145/3341302},
  isbn      = {978-1-4503-5956-6},
  timestamp = {Thu, 15 Aug 2019 08:52:01 +0200},
  biburl    = {https://dblp.org/rec/bib/conf/sigcomm/2019},
  bibsource = {dblp computer science bibliography, https://dblp.org}
}

@proceedings{DBLP:conf/sigmetrics/2005,
  editor    = {Derek L. Eager and
  Carey L. Williamson and
  Sem C. Borst and
  John C. S. Lui},
  title     = {Proceedings of the International Conference on Measurements and Modeling
  of Computer Systems, {SIGMETRICS} 2005, June 6-10, 2005, Banff, Alberta,
  Canada},
  publisher = {{ACM}},
  year      = {2005},
  url       = {http://doi.acm.org/10.1145/1064212},
  doi       = {10.1145/1064212},
  isbn      = {1-59593-022-1},
  timestamp = {Fri, 11 Mar 2016 18:31:16 +0100},
  biburl    = {http://dblp.org/rec/bib/conf/sigmetrics/2005},
  bibsource = {dblp computer science bibliography, http://dblp.org}
}

@proceedings{DBLP:conf/lcn/2010,
  title     = {The 35th Annual {IEEE} Conference on Local Computer Networks, {LCN}
  2010, 10-14 October 2010, Denver, Colorado, USA, Proceedings},
  publisher = {{IEEE} Computer Society},
  year      = {2010},
  url       = {http://ieeexplore.ieee.org/xpl/mostRecentIssue.jsp?punumber=5729427},
  isbn      = {978-1-4244-8387-7},
  timestamp = {Wed, 10 Dec 2014 18:26:34 +0100},
  biburl    = {https://dblp.org/rec/bib/conf/lcn/2010},
  bibsource = {dblp computer science bibliography, https://dblp.org}
}

@proceedings{DBLP:conf/dsn/2017,
  title     = {47th Annual {IEEE/IFIP} International Conference on Dependable Systems
  and Networks, {DSN} 2017, Denver, CO, USA, June 26-29, 2017},
  publisher = {{IEEE} Computer Society},
  year      = {2017},
  url       = {http://ieeexplore.ieee.org/xpl/mostRecentIssue.jsp?punumber=8019912},
  isbn      = {978-1-5386-0542-4},
  timestamp = {Tue, 05 Sep 2017 17:42:32 +0200},
  biburl    = {http://dblp.org/rec/bib/conf/dsn/2017},
  bibsource = {dblp computer science bibliography, http://dblp.org}
}

@proceedings{DBLP:conf/acsac/2018,
  title     = {Proceedings of the 34th Annual Computer Security Applications Conference,
  {ACSAC} 2018, San Juan, PR, USA, December 03-07, 2018},
  publisher = {{ACM}},
  year      = {2018},
  url       = {https://doi.org/10.1145/3274694},
  doi       = {10.1145/3274694},
  isbn      = {978-1-4503-6569-7},
  timestamp = {Wed, 05 Dec 2018 09:44:25 +0100},
  biburl    = {https://dblp.org/rec/bib/conf/acsac/2018},
  bibsource = {dblp computer science bibliography, https://dblp.org}
}

@proceedings{DBLP:conf/hotnets/2016,
  editor    = {Bryan Ford and
  Alex C. Snoeren and
  Ellen W. Zegura},
  title     = {Proceedings of the 15th {ACM} Workshop on Hot Topics in Networks,
  HotNets 2016, Atlanta, GA, USA, November 9-10, 2016},
  publisher = {{ACM}},
  year      = {2016},
  url       = {http://doi.acm.org/10.1145/3005745},
  doi       = {10.1145/3005745},
  isbn      = {978-1-4503-4661-0},
  timestamp = {Tue, 22 Nov 2016 13:19:52 +0100},
  biburl    = {http://dblp.org/rec/bib/conf/hotnets/2016},
  bibsource = {dblp computer science bibliography, http://dblp.org}
}

@proceedings{DBLP:conf/ccs/2006,
  editor    = {Ferng{-}Ching Lin and
  Der{-}Tsai Lee and
  Bao{-}Shuh Paul Lin and
  Shiuhpyng Shieh and
  Sushil Jajodia},
  title     = {Proceedings of the 2006 {ACM} Symposium on Information, Computer and
  Communications Security, {ASIACCS} 2006, Taipei, Taiwan, March 21-24,
  2006},
  publisher = {{ACM}},
  year      = {2006},
  isbn      = {1-59593-272-0},
  timestamp = {Tue, 21 Nov 2017 18:32:25 +0100},
  biburl    = {https://dblp.org/rec/bib/conf/ccs/2006},
  bibsource = {dblp computer science bibliography, https://dblp.org}
}

@proceedings{DBLP:conf/fpga/2019,
  editor    = {Kia Bazargan and
  Stephen Neuendorffer},
  title     = {Proceedings of the 2019 {ACM/SIGDA} International Symposium on Field-Programmable
  Gate Arrays, {FPGA} 2019, Seaside, CA, USA, February 24-26, 2019},
  publisher = {{ACM}},
  year      = {2019},
  url       = {https://doi.org/10.1145/3289602},
  doi       = {10.1145/3289602},
  isbn      = {978-1-4503-6137-8},
  timestamp = {Tue, 05 Mar 2019 07:04:43 +0100},
  biburl    = {https://dblp.org/rec/bib/conf/fpga/2019},
  bibsource = {dblp computer science bibliography, https://dblp.org}
}
