@INPROCEEDINGS{Simp2012:Seidr,
AUTHOR="Kyle A. Simpson and Richard Cziva and Dimitrios P. Pezaros",
TITLE="Sei{\dh}r: Dataplane Assisted Flow Classification Using {ML}",
BOOKTITLE="2020 IEEE Global Communications Conference: Next-Generation Networking and
Internet (Globecom2020 NGNI)",
ADDRESS="Taipei, Taiwan",
DAYS=6,
MONTH=dec,
YEAR=2020,
KEYWORDS="Flow Classification; Congestion Control; Dataplane Programming; Machine
Learning; P4; CNN",
}

@inproceedings{haruna-rg-paper,
author = {Rossi Mafioletti, Diego and Dominicini, Cristina and Martinello, Magnos and Ribeiro, M.R.N. and Villaca, Rodolfo},
year = {2020},
month = {06},
pages = {},
title = {PIaFFE: A Place-as-you-go In-network Framework for Flexible Embedding of VNFs},
doi = {10.1109/ICC40277.2020.9149240}
}