@Article{Harary1960,
	author={Harary, Frank
	and Norman, Robert Z.},
	title={Some properties of line digraphs},
	journal={Rendiconti del Circolo Matematico di Palermo},
	year={1960},
	month={05},
	day={01},
	volume={9},
	number={2},
	pages={161-168},
	issn={1973-4409},
	doi={10.1007/BF02854581},
	url={https://doi.org/10.1007/BF02854581}
}

@phdthesis{ciaran-phd,
  author    = {Ciaran McCreesh},
  title     = {Solving hard subgraph problems in parallel},
  school    = {University of Glasgow, {UK}},
  year      = {2017},
  month		= {07},
  url       = {https://theses.gla.ac.uk/8322/},
  urldate	= {2022-04-13},
}

