@proceedings{DBLP:conf/icml/2014,
	title     = {Proceedings of the 31th International Conference on Machine Learning,
	{ICML} 2014, Beijing, China, 21-26 June 2014},
	series    = {{JMLR} Workshop and Conference Proceedings},
	volume    = {32},
	publisher = {JMLR.org},
	year      = {2014},
	url       = {http://jmlr.org/proceedings/papers/v32/},
	timestamp = {Wed, 29 Mar 2017 16:45:25 +0200},
	biburl    = {http://dblp.org/rec/bib/conf/icml/2014},
	bibsource = {dblp computer science bibliography, http://dblp.org}
}

@proceedings{DBLP:conf/aistats/2017,
	editor    = {Aarti Singh and
	Xiaojin (Jerry) Zhu},
	title     = {Proceedings of the 20th International Conference on Artificial Intelligence
	and Statistics, {AISTATS} 2017, 20-22 April 2017, Fort Lauderdale,
	FL, {USA}},
	series    = {Proceedings of Machine Learning Research},
	volume    = {54},
	publisher = {{PMLR}},
	year      = {2017},
	url       = {http://jmlr.org/proceedings/papers/v54/},
	timestamp = {Wed, 16 Aug 2017 11:08:55 +0200},
	biburl    = {http://dblp.org/rec/bib/conf/aistats/2017},
	bibsource = {dblp computer science bibliography, http://dblp.org}
}

@proceedings{DBLP:conf/eurosp/2016,
  title     = {{IEEE} European Symposium on Security and Privacy, EuroS{\&}P
               2016, Saarbr{\"{u}}cken, Germany, March 21-24, 2016},
  publisher = {{IEEE}},
  year      = {2016},
  url       = {http://ieeexplore.ieee.org/xpl/mostRecentIssue.jsp?punumber=7467055},
  isbn      = {978-1-5090-1751-5},
  timestamp = {Sun, 05 Jun 2016 10:00:11 +0200},
  biburl    = {http://dblp.org/rec/bib/conf/eurosp/2016},
  bibsource = {dblp computer science bibliography, http://dblp.org}
}

@proceedings{DBLP:conf/eurosp/2018,
	title     = {2018 {IEEE} European Symposium on Security and Privacy, EuroS{\&}P
	2018, London, United Kingdom, April 24-26, 2018},
	publisher = {{IEEE}},
	year      = {2018},
	url       = {http://ieeexplore.ieee.org/xpl/mostRecentIssue.jsp?punumber=8405665},
	isbn      = {978-1-5386-4228-3},
	timestamp = {Wed, 11 Jul 2018 11:39:50 +0200},
	biburl    = {https://dblp.org/rec/bib/conf/eurosp/2018},
	bibsource = {dblp computer science bibliography, https://dblp.org}
}

@proceedings{DBLP:conf/ccs/2006usa,
	editor    = {Ari Juels and
	Rebecca N. Wright and
	Sabrina De Capitani di Vimercati},
	title     = {Proceedings of the 13th {ACM} Conference on Computer and Communications
	Security, {CCS} 2006, Alexandria, VA, USA, Ioctober 30 - November
	3, 2006},
	publisher = {{ACM}},
	year      = {2006},
	timestamp = {Mon, 11 Dec 2006 11:03:22 +0100},
	biburl    = {https://dblp.org/rec/bib/conf/ccs/2006usa},
	bibsource = {dblp computer science bibliography, https://dblp.org}
}

@proceedings{DBLP:conf/aistats/2010,
	editor    = {Yee Whye Teh and
	D. Mike Titterington},
	title     = {Proceedings of the Thirteenth International Conference on Artificial
	Intelligence and Statistics, {AISTATS} 2010, Chia Laguna Resort, Sardinia,
	Italy, May 13-15, 2010},
	series    = {{JMLR} Proceedings},
	volume    = {9},
	publisher = {JMLR.org},
	year      = {2010},
	url       = {http://jmlr.org/proceedings/papers/v9/},
	timestamp = {Thu, 11 Sep 2014 07:28:56 +0200},
	biburl    = {http://dblp.org/rec/bib/conf/aistats/2010},
	bibsource = {dblp computer science bibliography, http://dblp.org}
}

@proceedings{DBLP:conf/sp/2017,
	title     = {2017 {IEEE} Symposium on Security and Privacy, {SP} 2017, San Jose,
	CA, USA, May 22-26, 2017},
	publisher = {{IEEE} Computer Society},
	year      = {2017},
	url       = {http://ieeexplore.ieee.org/xpl/mostRecentIssue.jsp?punumber=7957740},
	isbn      = {978-1-5090-5533-3},
	timestamp = {Tue, 27 Jun 2017 13:01:08 +0200},
	biburl    = {https://dblp.org/rec/bib/conf/sp/2017},
	bibsource = {dblp computer science bibliography, https://dblp.org}
}

@proceedings{DBLP:conf/sp/2016,
	title     = {{IEEE} Symposium on Security and Privacy, {SP} 2016, San Jose, CA,
	USA, May 22-26, 2016},
	publisher = {{IEEE} Computer Society},
	year      = {2016},
	url       = {http://ieeexplore.ieee.org/xpl/mostRecentIssue.jsp?punumber=7528194},
	isbn      = {978-1-5090-0824-7},
	timestamp = {Tue, 20 Sep 2016 12:04:24 +0200},
	biburl    = {https://dblp.org/rec/bib/conf/sp/2016},
	bibsource = {dblp computer science bibliography, https://dblp.org}
}

@proceedings{DBLP:conf/uss/2016,
	editor    = {Thorsten Holz and
	Stefan Savage},
	title     = {25th {USENIX} Security Symposium, {USENIX} Security 16, Austin, TX,
	USA, August 10-12, 2016},
	publisher = {{USENIX} Association},
	year      = {2016},
	url       = {https://www.usenix.org/conference/usenixsecurity16},
	timestamp = {Mon, 05 Sep 2016 15:32:50 +0200},
	biburl    = {https://dblp.org/rec/bib/conf/uss/2016},
	bibsource = {dblp computer science bibliography, https://dblp.org}
}

@proceedings{DBLP:conf/acsac/2016,
	editor    = {Stephen Schwab and
	William K. Robertson and
	Davide Balzarotti},
	title     = {Proceedings of the 32nd Annual Conference on Computer Security Applications,
	{ACSAC} 2016, Los Angeles, CA, USA, December 5-9, 2016},
	publisher = {{ACM}},
	year      = {2016},
	url       = {http://doi.acm.org/10.1145/2991079},
	doi       = {10.1145/2991079},
	isbn      = {978-1-4503-4771-6},
	timestamp = {Wed, 07 Dec 2016 10:51:53 +0100},
	biburl    = {https://dblp.org/rec/bib/conf/acsac/2016},
	bibsource = {dblp computer science bibliography, https://dblp.org}
}

@proceedings{DBLP:conf/ndss/2016,
	title     = {23rd Annual Network and Distributed System Security Symposium, {NDSS}
	2016, San Diego, California, USA, February 21-24, 2016},
	publisher = {The Internet Society},
	year      = {2016},
	url       = {https://www.ndss-symposium.org/ndss2016/},
	timestamp = {Tue, 16 Jan 2018 13:23:48 +0100},
	biburl    = {https://dblp.org/rec/bib/conf/ndss/2016},
	bibsource = {dblp computer science bibliography, https://dblp.org}
}

@proceedings{DBLP:conf/acsac/2017,
	title     = {Proceedings of the 33rd Annual Computer Security Applications Conference,
	Orlando, FL, USA, December 4-8, 2017},
	publisher = {{ACM}},
	year      = {2017},
	url       = {http://doi.acm.org/10.1145/3134600},
	doi       = {10.1145/3134600},
	isbn      = {978-1-4503-5345-8},
	timestamp = {Thu, 07 Dec 2017 13:06:27 +0100},
	biburl    = {https://dblp.org/rec/bib/conf/acsac/2017},
	bibsource = {dblp computer science bibliography, https://dblp.org}
}
