@online{tensorrt-8bit,
	title = {8-bit Inference with {TensorRT}},
	author = {Szymon Migacz},
	month = {05},
	year = {2017},
	url = {https://on-demand.gputechconf.com/gtc/2017/presentation/s7310-8-bit-inference-with-tensorrt.pdf},
	urldate = {2021-02-01},
}

@online{bfloat16-blog,
	title={{BFloat16}: The secret to high performance on {Cloud TPUs}},
	author={Shibo Wang and Pankaj Kanwar},
	year={2019},
	month={08},
	url={https://cloud.google.com/blog/products/ai-machine-learning/bfloat16-the-secret-to-high-performance-on-cloud-tpus},
	urldate = {2021-02-01},
}

@online{openai-five,
	author = {{OpenAI}},
	title = {{OpenAI Five}},
	url = {https://openai.com/blog/openai-five/},
	date = {2018-06-25},
	urldate = {2019-11-04},
}

@report{active-learning-report,
	author = {Burr Settles},
	title = {Active Learning Literature Survey},
	type = {Computer Sciences Technical Report},
	institution = {University of Wisconsin-Madison},
	date = {2010-01-26},
	url = {http://burrsettles.com/pub/settles.activelearning.pdf},
	urldate = {2018-05-10},
}

@thesis{WieringMThesisRLExploration,
	author = {Wiering, Marco},
	title = {Explorations in Efficient Reinforcement Learning},
	type = {PhD Thesis},
	institution = {University of Amsterdam, Amsterdam},
	date = {1999-02-17},
	url = {http://hdl.handle.net/11245/1.164863},
}

@inproceedings{drl-verification-2,
  author    = {Guy Amir and
               Michael Schapira and
               Guy Katz},
  title     = {Towards Scalable Verification of
Deep Reinforcement Learning},
  booktitle = {2021 Formal Methods in Computer Aided Design, {FMCAD} 2021,
               Yale University, MA, USA, October
               20--22, 2021},
  year      = {2021},
  url       = {https://a95dd233-6d9a-4a97-bf9f-a1133293b480.filesusr.com/ugd/3b1e1e_56e99c5c72fe4cbda05c5475bfb08de3.pdf},
  note      = {To appear.},
}

@thesis{WatkinsThesisQLearning,
	author = {Watkins, Christopher},
	title = {Learning from delayed rewards},
	type = {PhD Thesis},
	institution = {University of Cambridge, Cambridge},
	year = {1989},
	url = {https://ethos.bl.uk/OrderDetails.do?uin=uk.bl.ethos.330022 },
}

@online{rmsprop,
	author = {Tijmen Tieleman and Geoffrey Hinton},
	title = {Neural Networks for Machine Learning Lecture 6e},
	subtitle = {rmsprop: Divide the gradient by a running average of its recent magnitude},
	url = {https://www.cs.toronto.edu/~tijmen/csc321/slides/lecture_slides_lec6.pdf},
	year = {2012},
	urldate = {2021-09-24}
}

@online{intel-bfloat,
	author = {Intel},
	title = {3rd Gen Intel® Xeon® Scalable Processors Brief},
	year = {2021},
	month = {4},
	url = {https://www.intel.co.uk/content/www/uk/en/products/docs/processors/xeon/3rd-gen-xeon-scalable-processors-brief.html},
	urldate = {2021-09-27},
}

@online{federated-learning-blog,
	title={Federated Learning: Collaborative Machine Learning without Centralized Training Data},
	author={Brendan McMahan and
	Daniel Ramage},
	date={2017-04-06},
	url={https://ai.googleblog.com/2017/04/federated-learning-collaborative.html},
	urldate={2021-10-01},
}
